
@online{formare,
  title = {ForMaRE project webpage},
  url = {http://www.cs.bham.ac.uk/research/projects/formare/},
  urldate =      {2015-05-08},
  year = {2015},
}

@online{github,
  title = {ForMaRE github webpage},
  url = {https://github.com/formare/auctions/tree/master/isabelle/Auction/Vcg},
  urldate =      {2015-05-08},
  year = {2015},
}

@inproceedings{ec15,
  title={Sound Auction Specification and Implementation},
  author={Caminati, Marco B and Kerber, Manfred and Lange, Christoph and Rowat, Colin},
  organization={16th ACM Conference on Economics and Computation},
  url={http://dx.doi.org/10.1145/2764468.2764511},
  year={accepted},
  year={2015}
}

@incollection{cicm2014,
  title={Set Theory or Higher Order Logic to Represent Auction Concepts in Isabelle?},
  author={Caminati, Marco B and Kerber, Manfred and Lange, Christoph and Rowat, Colin},
  booktitle={Intelligent Computer Mathematics},
  url={http://arxiv.org/abs/1406.0774},
  pages={236--251},
  year={2014},
  publisher={Springer}
}

@BOOK{cramton,
  editor =       {Peter Cramton and Yoav Shoham and Richard Steinberg},
  TITLE =        {Combinatorial auctions},
  PUBLISHER =    {MIT Press},
  YEAR =         {2006},
}

